<?xml version="1.0" encoding="UTF-8"?><record xmlns="http://www.loc.gov/MARC21/slim" xmlns:cinclude="http://apache.org/cocoon/include/1.0" xmlns:zs="http://www.loc.gov/zing/srw/">
  <leader>00595nz  a2200157n  4500</leader>
  <controlfield tag="001">no2007120264</controlfield>
  <controlfield tag="003">DLC</controlfield>
  <controlfield tag="005">20071011075225.0</controlfield>
  <controlfield tag="008">071009n| acannaabn          |a aaa     c</controlfield>
  <datafield tag="010" ind1=" " ind2=" ">
    <subfield code="a">no2007120264</subfield>
  </datafield>
  <datafield tag="035" ind1=" " ind2=" ">
    <subfield code="a">(OCoLC)oca07546389</subfield>
  </datafield>
  <datafield tag="040" ind1=" " ind2=" ">
    <subfield code="a">CSt</subfield>
    <subfield code="b">eng</subfield>
    <subfield code="c">CSt</subfield>
  </datafield>
  <datafield tag="100" ind1="1" ind2=" ">
    <subfield code="a">Macías, José,</subfield>
    <subfield code="d">1928-</subfield>
  </datafield>
  <datafield tag="400" ind1="1" ind2=" ">
    <subfield code="a">Macías Zamora, José Joaquín,</subfield>
    <subfield code="d">1928-</subfield>
  </datafield>
  <datafield tag="400" ind1="1" ind2=" ">
    <subfield code="a">Zamora, José Joaquín Macías,</subfield>
    <subfield code="d">1928-</subfield>
  </datafield>
  <datafield tag="670" ind1=" " ind2=" ">
    <subfield code="a">Generalísimo Francisco de Miranda, c2006:</subfield>
    <subfield code="b">t.p. (José Macias) p. 3 of cover (José Joaquín Macías Zamora; b. Maiquetía, 1928; graphic designer, cartoonist, journalist)</subfield>
  </datafield>
</record>